<?xml version="1.0" encoding="UTF-8"?><record xmlns="http://www.loc.gov/MARC21/slim" xmlns:cinclude="http://apache.org/cocoon/include/1.0" xmlns:zs="http://www.loc.gov/zing/srw/">
  <leader>00595cz  a2200145n  4500</leader>
  <controlfield tag="001">n  90713124 </controlfield>
  <controlfield tag="003">DLC</controlfield>
  <controlfield tag="005">19961224094030.9</controlfield>
  <controlfield tag="008">901108n| acannaab|          |a aaa |||  </controlfield>
  <datafield tag="010" ind1=" " ind2=" ">
    <subfield code="a">n  90713124 </subfield>
  </datafield>
  <datafield tag="040" ind1=" " ind2=" ">
    <subfield code="a">DLC</subfield>
    <subfield code="c">DLC</subfield>
    <subfield code="d">DLC</subfield>
  </datafield>
  <datafield tag="100" ind1="1" ind2="0">
    <subfield code="a">Briguglio, Lino</subfield>
  </datafield>
  <datafield tag="400" ind1="1" ind2="0">
    <subfield code="a">Briguglio, L.</subfield>
    <subfield code="q">(Lino)</subfield>
  </datafield>
  <datafield tag="670" ind1=" " ind2=" ">
    <subfield code="a">Int. Conf. on the Econ. Development of Small Countries (1985 : Malta). The economic development of small countries, 1989:</subfield>
    <subfield code="b">t.p. (Lino Briguglio; U. of Malta) cover (L. Briguglio)</subfield>
  </datafield>
  <datafield tag="670" ind1=" " ind2=" ">
    <subfield code="a">Banking and finance in islands and small states, 1997:</subfield>
    <subfield code="b">CIP t.p. (Lino Briguglio) data sheet (b. 01/1944)</subfield>
  </datafield>
</record>